<?xml version="1.0" encoding="UTF-8"?><collection xmlns="http://www.loc.gov/MARC21/slim"><record><leader>00395nam--2200145-i-4500</leader><controlfield tag="001">000041060</controlfield><controlfield tag="002">20161230</controlfield><controlfield tag="005">20161230201042</controlfield><controlfield tag="008">060222s1000------------r-----000-0-eng-d</controlfield><datafield ind1=" " ind2=" " tag="080"><subfield code="a">514.745.5</subfield></datafield><datafield ind1=" " ind2=" " tag="245"><subfield code="a">Self-duel riemannian geometry and instantons</subfield></datafield><datafield ind1=" " ind2=" " tag="260"><subfield code="a">Ljeipzig, Teubner Verlagsgellschaft, 1981. 204 P</subfield></datafield><datafield ind1=" " ind2=" " tag="490"><subfield code="a">Teubner-texte Zur Math</subfield></datafield><datafield ind1=" " ind2=" " tag="700"><subfield code="a">Thomas Friedrich</subfield></datafield><datafield ind1=" " ind2=" " tag="852"><subfield code="a">70330</subfield></datafield></record></collection>